<?xml version="1.0" encoding="UTF-8"?><collection xmlns="http://www.loc.gov/MARC21/slim"><record><leader>00509nam--2200133-i-4500</leader><controlfield tag="001">000013870</controlfield><controlfield tag="002">20161230</controlfield><controlfield tag="005">20161230201030</controlfield><controlfield tag="008">060222s1000------------r-----000-0-eng-d</controlfield><datafield ind1=" " ind2=" " tag="080"><subfield code="a">550.34=03.82=590</subfield></datafield><datafield ind1=" " ind2=" " tag="245"><subfield code="a">Indrumar pentru efectuarea si prelucrarea observatiilor la statiilor seismice din urss. partea 2: indrumar pentru prelucrarea obser- vatiilor unui grup de statii seismice</subfield></datafield><datafield ind1=" " ind2=" " tag="260"><subfield code="a">Bucuresti, Academia Republicii Populare Romane, 1954 /Pag.Dif.</subfield></datafield><datafield ind1=" " ind2=" " tag="700"><subfield code="a">Arhalgenski, V.T./S.A.</subfield></datafield><datafield ind1=" " ind2=" " tag="852"><subfield code="a">47804</subfield></datafield></record></collection>